<record><leader>00000cas a22000007a 4500</leader><controlfield tag="001">11168237</controlfield><controlfield tag="008">840918d18741928nyuwr ne      0    0eng d</controlfield><datafield ind1=" " ind2=" " tag="010"><subfield code="a">sn 84031430 </subfield></datafield><datafield ind1=" " ind2=" " tag="040"><subfield code="a">NYG</subfield><subfield code="b">eng</subfield><subfield code="c">NYG</subfield><subfield code="d">NPX</subfield><subfield code="d">NYS</subfield><subfield code="d">MGN</subfield><subfield code="d">OCLCQ</subfield><subfield code="d">OCLCF</subfield><subfield code="d">OCLCO</subfield></datafield><datafield ind1="1" ind2=" " tag="029"><subfield code="a">AU@</subfield><subfield code="b">000020350957</subfield></datafield><datafield ind1=" " ind2=" " tag="042"><subfield code="a">msc</subfield></datafield><datafield ind1="0" ind2="0" tag="245"><subfield code="a">Hammondsport herald.</subfield></datafield><datafield ind1=" " ind2=" " tag="260"><subfield code="a">Hammondsport, N.Y. :</subfield><subfield code="b">Mrs. B. Bennitt and Mrs. E.B. Fairchild</subfield></datafield><datafield ind1=" " ind2=" " tag="300"><subfield code="a">v.</subfield></datafield><datafield ind1=" " ind2=" " tag="310"><subfield code="a">Weekly</subfield></datafield><datafield ind1="0" ind2=" " tag="362"><subfield code="a">Vol. 1, no. 1 (Apr. 28, 1874)-</subfield></datafield><datafield ind1="1" ind2=" " tag="362"><subfield code="a">Ceased in 1928.</subfield></datafield><datafield ind1=" " ind2=" " tag="500"><subfield code="a">Special 16 p. Aviation issue published: Aug. 18, 1920.</subfield></datafield><datafield ind1=" " ind2=" " tag="500"><subfield code="a">Publishers: Mrs. B. Bennitt and Mrs. E.B. Fairchild, &lt;1874&gt;; L.H. Brown, &lt;1878-1914&gt;; Hammondsport Herald, Inc., &lt;1918-1927&gt;; Steuben News, Inc., &lt;1928&gt;.</subfield></datafield><datafield ind1=" " ind2=" " tag="500"><subfield code="a">Editors: Mrs. B. Bennitt and Mrs. E.B. Fairchild, &lt;Aug. 12, 1874&gt;; Mrs. E.B. Fairchild, &lt;1876&gt;.</subfield></datafield><datafield ind1=" " ind2=" " tag="500"><subfield code="a">Independent.</subfield></datafield><datafield ind1=" " ind2="0" tag="650"><subfield code="a">Aeronautics</subfield><subfield code="x">History</subfield><subfield code="v">Newspapers.</subfield></datafield><datafield ind1=" " ind2="0" tag="650"><subfield code="a">Airplanes</subfield><subfield code="v">Newspapers.</subfield></datafield><datafield ind1=" " ind2="4" tag="651"><subfield code="a">Hammondsport (N.Y.)</subfield><subfield code="v">Newspapers.</subfield></datafield><datafield ind1=" " ind2="7" tag="655"><subfield code="a">History.</subfield><subfield code="2">fast</subfield><subfield code="0">(OCoLC)fst01411628</subfield></datafield><datafield ind1=" " ind2="7" tag="655"><subfield code="a">Newspapers.</subfield><subfield code="2">fast</subfield><subfield code="0">(OCoLC)fst01423814</subfield></datafield><datafield ind1=" " ind2="7" tag="650"><subfield code="a">Aeronautics.</subfield><subfield code="2">fast</subfield><subfield code="0">(OCoLC)fst00798293</subfield></datafield><datafield ind1=" " ind2="7" tag="650"><subfield code="a">Airplanes.</subfield><subfield code="2">fast</subfield><subfield code="0">(OCoLC)fst00803053</subfield></datafield><datafield ind1=" " ind2=" " tag="752"><subfield code="a">United States</subfield><subfield code="b">New York</subfield><subfield code="c">Steuben</subfield><subfield code="d">Hammondsport.</subfield></datafield><datafield ind1="0" ind2="7" tag="785"><subfield code="t">Bath plaindealer and the Savona review</subfield><subfield code="w">(DLC)sn 92061684</subfield></datafield><datafield ind1="0" ind2="7" tag="785"><subfield code="t">Hammondsport herald and Bath plaindealer</subfield><subfield code="w">(DLC)sn 84031435</subfield></datafield></record>